@misc{ieee830,
  title        = "{IEEE Std 830-1998 IEEE Recommended Practice for Software Requirements Specifications}",
  organization = "{IEEE}",
  howpublished = "{IEEEXplore Digital Library}",
  url          = {https://ieeexplore.ieee.org/document/720574},
  note         = "Accessed: 2023-11-04"
}

@misc{parkingo,
  author       = "{Team 9}",
  title        = "{ParKingo: Helps you find available parking spots on campus}",
  howpublished = "{GitHub repository, SKKU}",
  url          = {https://github.com/skkusal/SWE3002_42/blob/main/2023s/Team9_SRS.pdf},
  note         = "Accessed: 2023-11-04"
}

@misc{skkunare,
  author       = "{Team 13}",
  title        = "{성균:나누Re: 성균관대 물품 대여 Platform}",
  howpublished = "{GitHub repository, SKKU}",
  url          = {https://github.com/skkusal/SWE3002_42/blob/main/2023s/Team13_SRS.pdf},
  note         = "Accessed: 2023-11-04"
}

@book{sommerville2015software,
  title={Software engineering},
  author={Sommerville, I.},
  isbn={9781292096131},
  series={Always learning},
  year={2015},
  publisher={Pearson}
}

@book{sveidqvist2021official,
  title={The Official Guide to Mermaid.js: Create complex diagrams and beautiful flowcharts easily using text and code},
  author={Sveidqvist, K. and Jain, A.},
  isbn={9781801076258},
  year={2021},
  publisher={Packt Publishing}
}